@TechReport{gcm,
  author = 	 {Morris Dworkin},
  title = 	 {Recommendation for Block 
Cipher Modes of Operation:  
Galois/Counter Mode (GCM) 
and GMAC},
  institution =  {NIST},
  year = 	 {2007},
  OPTkey = 	 {},
  OPTtype = 	 {},
  OPTnumber = 	 {},
  OPTaddress = 	 {},
  OPTmonth = 	 {},
  OPTnote = 	 {},
  OPTannote = 	 {}
}

@Article{misc,
  author = 	 {David Soria},
  title = 	 {Implementation d'AES: La nitroglycérine},
  journal = 	 {MISC},
  year = 	 {Mai 2016},
  OPTkey = 	 {},
  OPTvolume = 	 {},
  OPTnumber = 	 {},
  OPTpages = 	 {},
  OPTmonth = 	 {},
  OPTnote = 	 {},
  OPTannote = 	 {}
}



@Proceedings{workshop,
  title = {AES-GCM for Efficient Authenticated Encryption – Ending the Reign of HMAC-SHA-1?},
  year = 	 {2013},
  OPTkey = 	 {},
  OPTbooktitle = {},
  OPTeditor = 	 {},
  OPTvolume = 	 {},
  OPTnumber = 	 {},
  OPTseries = 	 {},
  OPTaddress = 	 {},
  month = 	 {Janvier},
  organization = {Standford University},
  publisher = {Shay Gueron},
  OPTnote = 	 {},
  OPTannote = 	 {}
}

@Unpublished{,
  author = 	 {David Wrong},
  title = 	 {What is GCM? Galois Counter Mode (of operation) (usually seen as AES-GCM)},
  note = 	 {Youtube},
  OPTkey = 	 {},
  OPTmonth = 	 {},
  year = 	 {2015},
  OPTannote = 	 {}
}

@Misc{wiki,
  OPTkey = 	 {},
  author = 	 {Wikipédia},
  title = 	 {Mode d'opération (cryptographie)},
  OPThowpublished = {},
  OPTmonth = 	 {},
  year = 	 {2016},
  OPTnote = 	 {},
  OPTannote = 	 {}
}

